<?xml version="1.0" encoding="UTF-8"?><record xmlns="http://www.loc.gov/MARC21/slim" xmlns:cinclude="http://apache.org/cocoon/include/1.0" xmlns:zs="http://www.loc.gov/zing/srw/">
  <leader>00535nz  a2200157n  4500</leader>
  <controlfield tag="001">no2006001781</controlfield>
  <controlfield tag="003">DLC</controlfield>
  <controlfield tag="005">20060110051938.0</controlfield>
  <controlfield tag="008">060109n| acannaabn          |a aaa     c</controlfield>
  <datafield tag="010" ind1=" " ind2=" ">
    <subfield code="a">no2006001781</subfield>
  </datafield>
  <datafield tag="035" ind1=" " ind2=" ">
    <subfield code="a">(OCoLC)oca06822210</subfield>
  </datafield>
  <datafield tag="040" ind1=" " ind2=" ">
    <subfield code="a">ICU</subfield>
    <subfield code="b">eng</subfield>
    <subfield code="c">ICU</subfield>
  </datafield>
  <datafield tag="100" ind1="1" ind2=" ">
    <subfield code="a">Ăfăndii̐ev, Sultan Măjid,</subfield>
    <subfield code="d">1887-1937</subfield>
  </datafield>
  <datafield tag="400" ind1="1" ind2=" ">
    <subfield code="a">Ėfendiev, Sultan Medzhid,</subfield>
    <subfield code="d">1887-1937</subfield>
  </datafield>
  <datafield tag="670" ind1=" " ind2=" ">
    <subfield code="a">Sultan Medzhid Ėfendiev, 1963:</subfield>
    <subfield code="b">t.p. (Sultan Măjid Ăfăndii̐ev)</subfield>
  </datafield>
  <datafield tag="670" ind1=" " ind2=" ">
    <subfield code="a">LC catalog (9 Jan. 2006):</subfield>
    <subfield code="b">(hdg.: Ėfendiev, Sultan Medzhid, 1887-1937)</subfield>
  </datafield>
</record>